@misc{iso_9000,
title = {{ISO 9000:2005}},
url = {https://www.iso.org/obp/ui/\#iso:std:iso:9000:ed-3:v1:en},
urldate = {27. 2. 2015}
},

@article{Bandor2007,
author = {Bandor, Mike},
file = {:Users/helleste/Documents/skola/12sem/diplomka/zdroje/process-pro.pdf:pdf},
title = {{Process and Procedure}},
url = {http://www.sei.cmu.edu/library/assets/process-pro.pdf},
year = {2007}
},

@book{Weske2007,
author = {Weske, Mathias},
file = {:Users/helleste/Documents/skola/12sem/diplomka/zdroje/bok\%3A978-3-540-73522-9.pdf:pdf},
isbn = {9783540735212},
pages = {372},
publisher = {Springer},
title = {{Business Process Management}},
year = {2007}
},

@article{Jedlitschka2010,
author = {Jedlitschka, Andreas and Salo, Outi and Bomarius, Frank},
doi = {10.4135/9781446251720.n28},
file = {:Users/helleste/Documents/skola/12sem/diplomka/zdroje/Jedlitschka\_et\_al-2010-Journal\_of\_Software\_Maintenance\_and\_Evolution\_\_Research\_and\_Practice.pdf:pdf},
isbn = {9781848607323},
issn = {1532060X},
journal = {Journal of Software Maintenance and Evolution: Research and Practice},
number = {May},
pages = {143--149},
title = {{Process Management}},
year = {2010}
},

@book{Repa2007,
author = {Řepa, V\'{a}clav},
file = {:Users/helleste/Documents/skola/12sem/diplomka/zdroje/2582\_preview.pdf:pdf},
isbn = {978-80-247-2252-8},
pages = {288},
publisher = {Grada Publishing, a.s.},
title = {{Podnikov\'{e} Procesy. Procesn\'{\i} ř\'{\i}zen\'{\i} a modelov\'{a}n\'{\i}}},
year = {2007}
},

@misc{Naplava2015,
author = {N\'{a}plava, Pavel},
file = {:Users/helleste/Documents/skola/12sem/diplomka/zdroje/BPMPrednaska02.pdf:pdf},
title = {{A7B16ISP Informa\v{c}n\'{\i} syst\'{e}my a procesn\'{\i} ř\'{\i}zen\'{\i}}},
year = {2015}
},

@book{Harmon2014,
author = {Harmon, Paul},
pages = {505},
publisher = {Morgan Kaufmann},
title = {{Business Process Change: A Business Process Management Guide for Managers and Process Professionals}},
year = {2014}
},

@book{Panagacos2012,
author = {Panagacos, Theodore},
pages = {186},
publisher = {CreateSpace Independent Publishing Platform},
title = {{The Ultimate Guide to Business Process Management: Everything you need to know and how to apply it to your organization}},
year = {2012}
},

@misc{Repa2008,
author = {Řepa, V\'{a}clav},
booktitle = {BPM port\'{a}l – t\'{e}ma m\v{e}s\'{\i}ce, 4/2008},
title = {{Ř\'{\i}zen\'{\i} procesů versus procesn\'{\i} ř\'{\i}zen\'{\i}}},
url = {http://bpm-tema.blogspot.cz/2008/04/procesy.html},
urldate = {2. 3. 2015},
year = {2008}
},


